@comment{x-kbibtex-personnameformatting=<%l><, %f>}

@article{Barman2014,
	author = "Barman, Ranjan Kumar and Saha, Sudipto and Das, Santasabuj",
	doi = "10.1371/journal.pone.0112034",
	journal = "PLOS ONE",
	month = "11",
	number = "11",
	pages = "1--10",
	publisher = "Public Library of Science",
	title = "{Prediction of Interactions between Viral and Host Proteins Using Supervised Machine Learning Methods}",
	url = "http://dx.doi.org/10.1371%2Fjournal.pone.0112034",
	volume = "9",
	year = "2014"
}

@article{Breiman2001,
	author = "Breiman, Leo",
	journal = "Machine Learning",
	owner = "Bernd Panassiti",
	pages = "5--32",
	timestamp = "2010.01.12",
	title = "{Random forests}",
	volume = 45,
	x-fetchedfrom = "Bibsonomy",
	year = 2001
}

@article{Geurts2006,
	author = "Geurts, Pierre and Ernst, Damien and Wehenkel, Louis",
	date = "2006-07-19",
	journal = "Machine Learning",
	number = 1,
	pages = "3--42",
	title = "{Extremely randomized trees.}",
	url = "http://dblp.uni-trier.de/db/journals/ml/ml63.html#GeurtsEW06; http://dx.doi.org/10.1007/s10994-006-6226-1",
	volume = 63,
	x-fetchedfrom = "Bibsonomy",
	year = 2006
}

@manual{Palla2016,
	author = "Palla, Piergiorgio and Armano, Giuliano",
	note = "R package version 1.0.1",
	title = "{RFmarkerDetector: Multivariate Analysis of Metabolomics Data using Random Forests}",
	url = "https://CRAN.R-project.org/package=RFmarkerDetector",
	year = "2016"
}

@inproceedings{Oshiro2012,
	author = "Oshiro, Thais Mayumi and Perez, Pedro Santoro and Baranauskas, Jos{\'e} Augusto",
	booktitle = "{International Workshop on Machine Learning and Data Mining in Pattern Recognition}",
	organization = "Springer",
	pages = "154--168",
	title = "{How many trees in a random forest?}",
	year = "2012"
}

@article{Raghu2015,
	author = "Raghu, Arvind AND Praveen Devarsetty AND Peiris David AND Tarassenko Lionel AND Clifford Gari",
	doi = "10.1371/journal.pone.0133618",
	journal = "PLOS ONE",
	month = "08",
	number = "8",
	pages = "1--13",
	publisher = "Public Library of Science",
	title = "{Implications of Cardiovascular Disease Risk Assessment Using the WHO/ISH Risk Prediction Charts in Rural India}",
	url = "http://dx.doi.org/10.1371%2Fjournal.pone.0133618",
	volume = "10",
	year = "2015"
}

@article{Liaw2002,
	author = "Liaw, Andy and Wiener, Matthew",
	journal = "R News",
	number = 3,
	pages = "18--22",
	title = "{Classification and Regression by randomForest}",
	url = "http://CRAN.R-project.org/doc/Rnews/",
	volume = 2,
	x-fetchedfrom = "Bibsonomy",
	year = 2002
}

@article{Friedman2001,
	author = "Friedman, Jerome H.",
	journal = "Annals of Statistics",
	number = 5,
	pages = "1189--1232",
	shorttitle = "Greedy {Function} {Approximation}",
	title = "{Greedy function approximation: a gradient boosting machine}",
	volume = 29,
	x-fetchedfrom = "Bibsonomy",
	year = 2001
}

@article{OpenML2013,
author = {Vanschoren, Joaquin and van Rijn, Jan N. and Bischl, Bernd and Torgo, Luis},
title = {OpenML: Networked Science in Machine Learning},
journal = {SIGKDD Explorations},
volume = {15},
number = {2},
year = {2013},
pages = {49--60},
url = {http://doi.acm.org/10.1145/2641190.2641198},
doi = {10.1145/2641190.2641198},
publisher = {ACM},
address = {New York, NY, USA},
}


@inproceedings{Latinne2001,
  title={Limiting the number of trees in random forests},
  author={Latinne, Patrice and Debeir, Olivier and Decaestecker, Christine},
  booktitle={International Workshop on Multiple Classifier Systems},
  pages={178--187},
  year={2001},
  organization={Springer}
}

@book{Breiman1984,
  title={Classification and regression trees},
  author={Breiman, Leo and Friedman, Jerome and Stone, Charles J and Olshen, Richard A},
  year={1984},
  publisher={CRC press}
}

@article{Khan2016,
  title={An Ensemble of Optimal Trees for Classification and Regression ({OTE})},
  author={Khan, Zardad and Gul, Asma and Perperoglou, Aris and Miftahuddin, Miftahuddin and Mahmoud, Osama and Adler, Werner and Lausen, Berthold},
  journal={Pattern Recognition},
  year={2016},
  publisher={Elsevier}
}

@article{Strobl2007,
  title={Bias in random forest variable importance measures: Illustrations, sources and a solution},
  author={Strobl, Carolin and Boulesteix, Anne-Laure and Zeileis, Achim and Hothorn, Torsten},
  journal={BMC Bioinformatics},
  volume={8},
  pages={25},
  year={2007}
}

@article{Hothorn2006,
  title={Unbiased recursive partitioning: A conditional inference framework},
  author={Hothorn, Torsten and Hornik, Kurt and Zeileis, Achim},
  journal={Journal of Computational and Graphical statistics},
  volume={15},
  number={3},
  pages={651--674},
  year={2006},
  publisher={Taylor \& Francis}
}
